=LDR  01791 am a22004571i 4500
=001  018028339
=003  Uk
=005  20210318212051.0
=008  210219t20182018enka\\\\\\\\\\000|0|eng|d
=FMT  \\$a  BK
=015  \\$aGBC144875$2bnb
=020  \\$a9781443948449 (hardback) :$cNo price
=040  \\$aStDuBDS$beng$cStDuBDS$erda
=042  \\$aukblsr
=082  04$a625.261094109034$223
=245  00$aTurn-of-the-century powerhouses :$bCompound no. 1000, 3440 City of Truro.
=264  \1$a[London] :$bDe Agostini,$c[2018]
=264  \4$c©2018
=300  \\$a63 pages :$billustrations (black and white, and colour) ;$c29 cm.
=336  \\$atext$2rdacontent
=336  \\$astill image$2rdacontent
=337  \\$aunmediated$2rdamedia
=338  \\$avolume$2rdacarrier
=490  0\$aBritish steam railways ;$vvol. 16
=650  \0$aSteam locomotives$zGreat Britain$xHistory$y19th century.
=650  \0$aSteam locomotives$zGreat Britain$xHistory$y19th century$vPictorial works.
=650  \0$aSteam locomotives$zGreat Britain$xHistory$y20th century.
=650  \0$aSteam locomotives$zGreat Britain$xHistory$y20th century$vPictorial works.
=856  41$uhttp://books.google.com/books?vid=BL:A0021579863$yGoogle_Books
=852  4\$cDRT$jDigital Store 4474.g.59.$aBritish Library$bHMNTS
=985  \\$aNETCAT record
=CAT  \\$aBATCH-DCW$b00$c20160930$lBLL01$h0202
=CAT  \\$aWR14_057$b00$c20170504$lBLL01$h1845
=CAT  \\$aR1710-0956$b00$c20171102$lBLL01$h1903
=CAT  \\$a1805-0738$c20190104$lBLL01$h1834
=CAT  \\$a1805-0738$b00$c20190104$lBLL01$h1913
=CAT  \\$aW1910-0531$b00$c20200417$lBLL01$h1906
=CAT  \\$aBATCH-SURR$b00$c20210318$lBLL01$h2120
=FIN  \\$aY$d20210318
=SRC  \\$aNETCAT$bnetcatprn.20210318
=LAS  \\$aBATCH-SURR$b00$c20210318$lBLL01$h2120

