=LDR  01565 am a22004451i 4500
=001  018053058
=003  Uk
=005  20210506213207.0
=008  210429t20182018enka\\\\\\\\\\000|f|eng|d
=FMT  \\$a  BK
=015  \\$aGBC171434$2bnb
=020  \\$a9781910027233 (paperback) :$c£10.00
=040  \\$aStDuBDS$beng$cStDuBDS$erda
=042  \\$aukblsr
=082  04$a823.92$223
=100  1\$aPeace, Nigel,$eauthor.
=245  10$aBroken sea :$ba story of love and intolerance /$cNigel Peace.
=264  \1$a[Stanmore] :$bLocal Legend,$c[2018]
=264  \4$c©2018
=300  \\$aix, 309 pages :$billustration (black and white) ;$c23 cm
=336  \\$atext$2rdacontent
=336  \\$astill image$2rdacontent
=337  \\$aunmediated$2rdamedia
=338  \\$avolume$2rdacarrier
=655  \0$aBildungsromans.
=856  41$uhttp://books.google.com/books?vid=BL:A0021707477$yGoogle_Books
=852  4\$cDRT$jDigital Store B.320.(1.)$aBritish Library$bHMNTS
=985  \\$aNETCAT record
=CAT  \\$aBATCH-DCW$b00$c20161009$lBLL01$h1003
=CAT  \\$aBATCH-UPD$b00$c20161009$lBLL01$h1005
=CAT  \\$aWR14_057$b00$c20170504$lBLL01$h1846
=CAT  \\$aR1710-0956$b00$c20171102$lBLL01$h1904
=CAT  \\$a1805-0738$c20190104$lBLL01$h1835
=CAT  \\$a1805-0738$b00$c20190104$lBLL01$h1914
=CAT  \\$aW1910-0531$b00$c20191108$lBLL01$h1834
=CAT  \\$aW2011-1472$b00$c20201127$lBLL01$h1849
=CAT  \\$aBATCH-SURR$b00$c20210506$lBLL01$h2131
=FIN  \\$aY$d20210506
=SRC  \\$aNETCAT$bnetcatprn.20210506
=LAS  \\$aBATCH-SURR$b00$c20210506$lBLL01$h2131

