=LDR  01616 am a22004451i 4500
=001  018065757
=003  Uk
=005  20210506213207.0
=008  210429t20182018enka\\\\\\\\\\000|0|eng|d
=FMT  \\$a  BK
=015  \\$aGBC171436$2bnb
=020  \\$a9781912065851 (paperback) :$cNo price
=040  \\$aStDuBDS$beng$cStDuBDS$erda
=042  \\$aukblsr
=082  04$a791.4372$223
=100  1\$aThomas, Dianne,$d1977-$eauthor.
=245  14$aThe making of Margaret Sinclair :$bthe untold story /$cby Dianne Thomas.
=246  1\$iSecond title on cover :$aMargaret Sinclair
=264  \1$a[London] :$bWhite Lyon Films,$c[2018]
=264  \4$c©2018
=300  \\$a21 pages :$billustrations (colour) ;$c15 x 22 cm
=336  \\$atext$2rdacontent
=336  \\$astill image$2rdacontent
=337  \\$aunmediated$2rdamedia
=338  \\$avolume$2rdacarrier
=630  00$aMargaret Sinclair (Motion picture)
=600  10$aSinclair, Margaret,$d1900-1925.
=650  \0$aMotion pictures$xProduction and direction.
=710  2\$aWhite Lyon Films Ltd.,$epublisher.
=856  41$uhttp://books.google.com/books?vid=BL:A0021707230$yGoogle_Books
=852  4\$cDRT$jDigital Store RB.23.a.35090 (2).$aBritish Library$bHMNTS
=985  \\$aNETCAT record
=CAT  \\$aBATCH-DCW$b00$c20161016$lBLL01$h0203
=CAT  \\$aBATCH-UPD$b00$c20161016$lBLL01$h0211
=CAT  \\$aWR14_057$b00$c20170504$lBLL01$h1847
=CAT  \\$aR1710-0956$b00$c20171108$lBLL01$h1741
=CAT  \\$aBATCH-SURR$b00$c20210506$lBLL01$h2131
=FIN  \\$aY$d20210506
=SRC  \\$aNETCAT$bnetcatprn.20210506
=LAS  \\$aBATCH-SURR$b00$c20210506$lBLL01$h2131

