=LDR  01553 am a22004331i 4500
=001  016996596
=003  Uk
=005  20210318212050.0
=008  210212r20112009ilua\\\j\\\\\\000|f|eng|d
=FMT  \\$a  BK
=015  \\$aGBC144872$2bnb
=020  \\$a9780807551677 (paperback) :$cNo price
=040  \\$aStDuBDS$beng$cStDuBDS$erda
=042  \\$aukblsr
=082  04$a813.6$223
=100  1\$aSpinelli, Eileen,$eauthor.
=245  10$aMiss Fox's class goes green /$cEileen Spinelli ; pictures by Anne Kennedy.
=264  \1$aChicago, Illinois :$bAlbert Whitman & Company,$c2011.
=300  \\$a1 volume (unpaged) :$bchiefly illustrations (colour) ;$c26 cm.
=336  \\$atext$2rdacontent
=336  \\$astill image$2rdacontent
=337  \\$aunmediated$2rdamedia
=338  \\$avolume$2rdacarrier
=490  0\$aA Miss Fox's class book
=500  \\$aOriginally published: 2009.
=655  \0$aChildren's stories.
=700  1\$aKennedy, Anne,$d1955-$eartist.
=856  41$uhttp://books.google.com/books?vid=BL:A0018262205$yGoogle_Books
=852  4\$cDRT$jDigital Store 8072.a.51.$aBritish Library$bHMNTS
=985  \\$aNETCAT record
=CAT  \\$aBATCH-DCW$b00$c20150105$lBLL01$h0201
=CAT  \\$aWR15_122$c20151024$lBLL01$h1914
=CAT  \\$a1805-0738$c20190104$lBLL01$h1755
=CAT  \\$a1805-0738$b00$c20190104$lBLL01$h1841
=CAT  \\$aW1903-1550$b00$c20190614$lBLL01$h1851
=CAT  \\$aBATCH-SURR$b00$c20210318$lBLL01$h2120
=FIN  \\$aY$d20210318
=SRC  \\$aNETCAT$bnetcatprn.20210318
=LAS  \\$aBATCH-SURR$b00$c20210318$lBLL01$h2120

